



@book{ onvin,
  author =           {Onishchik, A. and Vinberg, E.},
  title =            {Lie Groups and Algebraic Groups},
  publisher =        {Springer-Verlag Berlin Heidelberg},
  series =           {Springer Series in Soviet Mathematics},
  year =             {1990},
  note =             {Original Russian edition published by Nauka, Moscow 1988},
  key =              {onvin}
}
@misc{ CoReLG,
  author =           {Dietrich, H. and Faccin, P. and de Graaf, W. A.},
  title =            {CoReLG, computation with real Lie groups, Version 1.20},
  month =            {Dec},
  year =             {2014},
  note =             {Refereed GAP package},
  howpublished =     {\url{http://users.monash.edu/~heikod/corelg/}},
  key =              {CoReLG}
}
@book{helgason,
  title={Differential Geometry and Symmetric Spaces},
  author={Helgason, S.},
  year={2001},
  publisher={American Mathematical Society}
}
@misc{ sla,
  author =           {de Graaf, W. A.},
  title =            {SLA, Simple Lie Algebras, Version 1.5},
  month =            {Jul},
  year =             {2018},
  note =             {Refereed GAP package},
  howpublished =     {\url{http://www.science.unitn.it/~degraaf/sla.html}},
  key =              {sla}
}
@article{ BJT,
  author =           {Bocheński, M. and Jastrzębski, P. and Tralle, A.},
  title =            {Non-existence of standard compact Clifford-Klein forms of homogeneous spaces of exceptional Lie groups},
  howpublished =     {\url{to appear}},
  year =             {2019},
  key =              {BJT}
}

@artivle{BJT2021,
      title={Homogeneous spaces of real simple Lie groups with proper actions of non virtually abelian discrete subgroups: a calculational approach}, 
      author={Maciej Bochenski and Piotr Jastrzebski and Aleksy Tralle},
      year={2021},
      eprint={2106.05777},
      archivePrefix={arXiv},
      primaryClass={math.GR}
}